@book{b1,
  title={Hard real-time computing systems: predictable scheduling algorithms and applications},
  author={Buttazzo, Giorgio C},
  volume={24},
  year={2011},
  publisher={Springer Science \& Business Media}
}

@techreport{b2,
  title={Scheduling sporadic and aperiodic events in a hard real-time system},
  author={Sprunt, Brinkley and Sha, Lui and Lehoczky, John},
  year={1989},
  institution={CARNEGIE-MELLON UNIV PITTSBURGH PA SOFTWARE ENGINEERING INST}
}

@article{b3,
  title={Rate monotonic vs. EDF: Judgment day},
  author={Buttazzo, Giorgio C},
  journal={Real-Time Systems},
  volume={29},
  number={1},
  pages={5--26},
  year={2005},
  publisher={Springer}
}